<record><leader>00000cas a2200000 a 4500</leader><controlfield tag="001">26082407</controlfield><controlfield tag="007">hd afu---bbca</controlfield><controlfield tag="008">920625d18621864sduwr nea     0    0eng d</controlfield><datafield ind1=" " ind2=" " tag="010"><subfield code="a">sn 96080298 </subfield></datafield><datafield ind1=" " ind2=" " tag="040"><subfield code="a">SDB</subfield><subfield code="b">eng</subfield><subfield code="c">SDB</subfield><subfield code="d">NVG</subfield><subfield code="d">OCL</subfield><subfield code="d">OCLCQ</subfield><subfield code="d">OCLCF</subfield><subfield code="d">OCLCO</subfield></datafield><datafield ind1="1" ind2=" " tag="029"><subfield code="a">AU@</subfield><subfield code="b">000012441385</subfield></datafield><datafield ind1=" " ind2=" " tag="042"><subfield code="a">msc</subfield></datafield><datafield ind1=" " ind2=" " tag="043"><subfield code="a">n-us-sd</subfield></datafield><datafield ind1=" " ind2=" " tag="092"><subfield code="a">071</subfield><subfield code="b">D149</subfield></datafield><datafield ind1="0" ind2="4" tag="245"><subfield code="a">The Dakotian</subfield><subfield code="h">[microform].</subfield></datafield><datafield ind1=" " ind2=" " tag="260"><subfield code="a">Yankton D.T. [S.D.] :</subfield><subfield code="b">Josiah C. Trask</subfield></datafield><datafield ind1=" " ind2=" " tag="300"><subfield code="a">v.</subfield></datafield><datafield ind1=" " ind2=" " tag="310"><subfield code="a">Weekly</subfield></datafield><datafield ind1="1" ind2=" " tag="362"><subfield code="a">Began in 1862; ceased in 1864.</subfield></datafield><datafield ind1=" " ind2=" " tag="500"><subfield code="a">Editors: [Apr. 1-8], Josiah C. Trask; [June 3, 1862]-July 14, 1863, George W. Kingsbury; July 28-Nov. 24, 1863, Dakotian Co.; Dec. 1, 1863-Oct. 22, 1864, Albert Gore.</subfield></datafield><datafield ind1=" " ind2=" " tag="515"><subfield code="a">Publication suspended after Oct. 22 until Nov. 12, 1864.</subfield></datafield><datafield ind1=" " ind2=" " tag="580"><subfield code="a">Merged with: Dakota weekly union, to form: Union Dakotaian.</subfield></datafield><datafield ind1=" " ind2=" " tag="588"><subfield code="a">Description based on: Vol. 1, no. 20 (June 3, 1862).</subfield></datafield><datafield ind1=" " ind2=" " tag="533"><subfield code="a">Microfilm.</subfield><subfield code="b">Madison, Wis. :</subfield><subfield code="c">State Historical Society of Wisconsin.</subfield><subfield code="e">1 microfilm reel ; 35 mm.</subfield></datafield><datafield ind1=" " ind2="0" tag="651"><subfield code="a">Dakota Territory</subfield><subfield code="v">Newspapers.</subfield></datafield><datafield ind1=" " ind2="0" tag="651"><subfield code="a">Yankton (S.D.)</subfield><subfield code="v">Newspapers.</subfield></datafield><datafield ind1=" " ind2="7" tag="655"><subfield code="a">Newspapers.</subfield><subfield code="2">fast</subfield><subfield code="0">(OCoLC)fst01423814</subfield></datafield><datafield ind1=" " ind2="7" tag="651"><subfield code="a">South Dakota</subfield><subfield code="z">Yankton.</subfield><subfield code="2">fast</subfield><subfield code="0">(OCoLC)fst01228901</subfield></datafield><datafield ind1=" " ind2="7" tag="651"><subfield code="a">United States</subfield><subfield code="z">Dakota Territory.</subfield><subfield code="2">fast</subfield><subfield code="0">(OCoLC)fst01228148</subfield></datafield><datafield ind1=" " ind2=" " tag="752"><subfield code="a">United States</subfield><subfield code="b">South Dakota</subfield><subfield code="c">Yankton</subfield><subfield code="d">Yankton.</subfield></datafield><datafield ind1="0" ind2=" " tag="776"><subfield code="t">Dakotian</subfield><subfield code="w">(OCoLC)9521575</subfield></datafield><datafield ind1="0" ind2="0" tag="780"><subfield code="t">Weekly Dakotian</subfield><subfield code="w">(DLC)sn 96080297</subfield><subfield code="w">(OCoLC)26082328</subfield></datafield><datafield ind1="1" ind2="7" tag="785"><subfield code="t">Dakota weekly union</subfield><subfield code="w">(DLC)sn 96080299</subfield><subfield code="w">(OCoLC)26082445</subfield></datafield><datafield ind1="1" ind2="7" tag="785"><subfield code="t">Union Dakotaian</subfield><subfield code="w">(DLC)sn 96080300</subfield><subfield code="w">(OCoLC)6908448</subfield></datafield></record>